<?xml version="1.0" encoding="UTF-8"?><collection xmlns="http://www.loc.gov/MARC21/slim"><record><leader>00617nam--2200193-i-4500</leader><controlfield tag="001">000042531</controlfield><controlfield tag="002">20161230</controlfield><controlfield tag="005">20161230201043</controlfield><controlfield tag="008">060222s1000------------r-----000-0-eng-d</controlfield><datafield ind1=" " ind2=" " tag="040"><subfield code="a">IFIN-HH</subfield></datafield><datafield ind1=" " ind2=" " tag="080"><subfield code="a">539.2</subfield></datafield><datafield ind1="1" ind2=" " tag="100"><subfield code="a">Jullien, R</subfield></datafield><datafield ind1="1" ind2="0" tag="245"><subfield code="a">Universalities in condensed matter</subfield><subfield code="b">Proceedings of the workshop, les houches, france, march 15-25, 1988</subfield><subfield code="c">R. jullien, l. peliti, r. rammal, n. boccara (eds.)</subfield></datafield><datafield ind1=" " ind2=" " tag="260"><subfield code="a">Berlin</subfield><subfield code="b">Springer-verlag</subfield><subfield code="c">1988</subfield></datafield><datafield ind1=" " ind2=" " tag="300"><subfield code="a">X+257P</subfield></datafield><datafield ind1=" " ind2=" " tag="490"><subfield code="a">Springwer Proceedings In Physics. Vol. 32</subfield></datafield><datafield ind1="1" ind2=" " tag="700"><subfield code="a">Boccara, N</subfield><subfield code="e">Ed</subfield></datafield><datafield ind1=" " ind2=" " tag="852"><subfield code="a">78675</subfield><subfield code="c">53</subfield></datafield><datafield ind1=" " ind2=" " tag="CAT"><subfield code="a">Sys</subfield><subfield code="c">20150814</subfield><subfield code="h">115137</subfield></datafield></record></collection>